<record xmlns="http://www.loc.gov/MARC21/slim">
   <leader>01888cam a2200457Ii 4500</leader>
   <controlfield tag="001">6675256</controlfield>
   <controlfield tag="003">OCoLC</controlfield>
   <controlfield tag="005">20150226081620.3</controlfield>
   <controlfield tag="008">140903s2015    onc      b    001 0 eng  </controlfield>
   <datafield ind1=" " ind2=" " tag="020">
      <subfield code="a">9781771120609 (pbk.)</subfield>
   </datafield>
   <datafield ind1=" " ind2=" " tag="020">
      <subfield code="a">1771120606 (pbk.)</subfield>
   </datafield>
   <datafield ind1=" " ind2=" " tag="035">
      <subfield code="a">ocn890511990</subfield>
   </datafield>
   <datafield ind1=" " ind2=" " tag="039">
      <subfield code="a">exclude</subfield>
   </datafield>
   <datafield ind1=" " ind2=" " tag="040">
      <subfield code="a">NLC</subfield>
      <subfield code="b">eng</subfield>
      <subfield code="e">rda</subfield>
      <subfield code="c">NLC</subfield>
      <subfield code="d">OCLCO</subfield>
      <subfield code="d">YDXCP</subfield>
      <subfield code="d">VP@</subfield>
      <subfield code="d">CDX</subfield>
      <subfield code="d">BTCTA</subfield>
      <subfield code="d">BDX</subfield>
      <subfield code="d">LTSCA</subfield>
      <subfield code="d">AEU</subfield>
   </datafield>
   <datafield ind1=" " ind2=" " tag="043">
      <subfield code="a">n-cn---</subfield>
      <subfield code="a">f------</subfield>
   </datafield>
   <datafield ind1="0" ind2=" " tag="045">
      <subfield code="a">y0y1</subfield>
   </datafield>
   <datafield ind1=" " ind2="4" tag="050">
      <subfield code="a">F1029.5.A35</subfield>
      <subfield code="b">B53 2015</subfield>
   </datafield>
   <datafield ind1=" " ind2="0" tag="055">
      <subfield code="a">FC244.A35</subfield>
      <subfield code="b">B53 2015</subfield>
   </datafield>
   <datafield ind1="0" ind2="4" tag="082">
      <subfield code="a">327.7106</subfield>
      <subfield code="2">23</subfield>
   </datafield>
   <datafield ind1=" " ind2=" " tag="090">
      <subfield code="a">F 1029.5 A35 B53 2015</subfield>
      <subfield code="b">ACHCU</subfield>
   </datafield>
   <datafield ind1=" " ind2=" " tag="090">
      <subfield code="a">F 1029.5 A35 B53 2015</subfield>
      <subfield code="b">AEKC</subfield>
   </datafield>
   <datafield ind1=" " ind2=" " tag="090">
      <subfield code="a">F 1029.5 A35 B53 2015</subfield>
      <subfield code="b">AFMK</subfield>
   </datafield>
   <datafield ind1="1" ind2=" " tag="100">
      <subfield code="a">Black, David R.</subfield>
      <subfield code="q">(David Ross),</subfield>
      <subfield code="d">1960-</subfield>
      <subfield code="e">author.</subfield>
   </datafield>
   <datafield ind1="1" ind2="0" tag="245">
      <subfield code="a">Canada &amp; Africa in the new millennium :</subfield>
      <subfield code="b">the politics of consistent inconsistency /</subfield>
      <subfield code="c">David R. Black.</subfield>
   </datafield>
   <datafield ind1="3" ind2=" " tag="246">
      <subfield code="a">Canada and Africa in the new millennium</subfield>
   </datafield>
   <datafield ind1=" " ind2="1" tag="264">
      <subfield code="a">Waterloo, Ontario :</subfield>
      <subfield code="b">Wilfrid Laurier University Press,</subfield>
      <subfield code="c">[2015]</subfield>
   </datafield>
   <datafield ind1=" " ind2=" " tag="300">
      <subfield code="a">xiii, 310 pages ;</subfield>
      <subfield code="c">23 cm</subfield>
   </datafield>
   <datafield ind1=" " ind2=" " tag="336">
      <subfield code="a">text</subfield>
      <subfield code="b">txt</subfield>
      <subfield code="2">rdacontent</subfield>
   </datafield>
   <datafield ind1=" " ind2=" " tag="337">
      <subfield code="a">unmediated</subfield>
      <subfield code="b">n</subfield>
      <subfield code="2">rdamedia</subfield>
   </datafield>
   <datafield ind1=" " ind2=" " tag="338">
      <subfield code="a">volume</subfield>
      <subfield code="b">nc</subfield>
      <subfield code="2">rdacarrier</subfield>
   </datafield>
   <datafield ind1=" " ind2=" " tag="504">
      <subfield code="a">Includes bibliographical references and index.</subfield>
   </datafield>
   <datafield ind1=" " ind2=" " tag="596">
      <subfield code="a">8 23 31</subfield>
   </datafield>
   <datafield ind1=" " ind2="0" tag="651">
      <subfield code="a">Canada</subfield>
      <subfield code="x">Foreign relations</subfield>
      <subfield code="z">Africa.</subfield>
   </datafield>
   <datafield ind1=" " ind2="0" tag="651">
      <subfield code="a">Africa</subfield>
      <subfield code="x">Foreign relations</subfield>
      <subfield code="z">Canada.</subfield>
   </datafield>
   <datafield ind1=" " ind2="0" tag="651">
      <subfield code="a">Canada</subfield>
      <subfield code="x">Politics and government</subfield>
      <subfield code="y">1980-</subfield>
   </datafield>
   <datafield ind1=" " ind2="5" tag="651">
      <subfield code="a">Canada</subfield>
      <subfield code="x">Politics and government</subfield>
      <subfield code="y">1993-2006.</subfield>
   </datafield>
   <datafield ind1=" " ind2="5" tag="651">
      <subfield code="a">Canada</subfield>
      <subfield code="x">Politics and government</subfield>
      <subfield code="y">2006-</subfield>
   </datafield>
   <datafield ind1=" " ind2=" " tag="949">
      <subfield code="i">3197900600926</subfield>
      <subfield code="h">SKING-RF-B</subfield>
      <subfield code="l">ON_SHELF</subfield>
   </datafield>
   <datafield ind1=" " ind2=" " tag="926">
      <subfield code="a">F 1029.5 A35 B53 2015</subfield>
      <subfield code="w">LC</subfield>
      <subfield code="c">1</subfield>
      <subfield code="i">34917001372122</subfield>
      <subfield code="d">4/7/2017</subfield>
      <subfield code="e">3/20/2017</subfield>
      <subfield code="l">ON_SHELF</subfield>
      <subfield code="m">KEYANO</subfield>
      <subfield code="n">3</subfield>
      <subfield code="p">$32.98</subfield>
      <subfield code="r">Y</subfield>
      <subfield code="s">Y</subfield>
      <subfield code="t">BOOK</subfield>
      <subfield code="u">9/11/2014</subfield>
      <subfield code="o">.STAFF. Rec'd Feb/15 MW</subfield>
   </datafield>
   <datafield ind1=" " ind2=" " tag="926">
      <subfield code="a">F 1029.5 A35 B53 2015</subfield>
      <subfield code="w">LC</subfield>
      <subfield code="c">1</subfield>
      <subfield code="i">3197900600926</subfield>
      <subfield code="l">ON_SHELF</subfield>
      <subfield code="m">KINGS</subfield>
      <subfield code="r">Y</subfield>
      <subfield code="s">Y</subfield>
      <subfield code="t">BOOK</subfield>
      <subfield code="u">3/25/2015</subfield>
   </datafield>
   <datafield ind1=" " ind2=" " tag="926">
      <subfield code="a">F 1029.5 A35 B53 2015</subfield>
      <subfield code="w">LC</subfield>
      <subfield code="c">1</subfield>
      <subfield code="i">32860001095982</subfield>
      <subfield code="l">ON_SHELF</subfield>
      <subfield code="m">BURMAN</subfield>
      <subfield code="r">Y</subfield>
      <subfield code="s">Y</subfield>
      <subfield code="t">BOOK</subfield>
      <subfield code="u">7/12/2016</subfield>
   </datafield>
</record>
